Abstract Algebra
@book{dummit-foote,
  author         = {Dummit, D. S. and Foote, R. M.},
  publisher      = {John Wiley \& Sons},
  title          = {Abstract Algebra},
  year           = {2004}
}

@book{lang-undergrad-algebra,
  title={Undergraduate Algebra},
  author={Lang, S.},
  year={2005},
  publisher={Springer}
}

@book{artin,
  title={Algebra},
  author={Artin, M.},
  year={2011},
  publisher={Pearson Education}
}

@book{pinter,
  author         = {Pinter, C. C.},
  publisher      = {Dover Publications, Inc.},
  title          = {A Book of Abstract Algebra},
  year           = {2010}
}

@book{ladr,
  author         = {Axler, S.},
  publisher      = {Springer},
  title          = {Linear Algebra Done Right},
  year           = {2024}
}

@book{munkres,
  author         = {Munkres, J. R.},
  publisher      = {Pearson Education Limited},
  title          = {Topology},
  year           = {2018}
}

Real Analysis
@book{rudin,
  author         = {Rudin, W.},
  publisher      = {McGraw--Hill},
  title          = {Principles of Mathematical Analysis},
  year           = {1976}
}
@book{apostol,
  author         = {Apostol, T. M.},
  publisher      = {Addison-Wesley},
  title          = {Mathematical Analysis},
  year           = {1957}
}

@book{folland,
  author = {Folland, G. B.},
  publisher = {John Wiley \& Sons, Inc.},
  title = {Real Analysis: Modern Techniques and Their Applications},
  year = {1999}
}

@book{hewitt-stromberg,
  author = {Hewitt, E. and Stromberg, K.},
  publisher = {Springer-Verlag},
  title = {Real and Abstract Analysis},
  year = {1965}
}

@book{spivak-manifolds,
  author = {Spivak, M.},
  publisher = {Harper Collins Publishers},
  title = {Calculus on Manifolds: A Modern Approach to Classical Theorems of Advanced Calculus},
  year = {1965}
}

@book{stein-shakarchi,
  author = {Stein, E. M. and Shakarchi, R.},
  publisher = {Princeton University Press},
  title = {Complex Analysis},
  year = {2003}
}

@book{rudin-papa,
  author         = {Rudin, W.},
  publisher      = {McGraw--Hill},
  title          = {Real and Complex Analysis},
  year           = {1987}
}

@book{rudin-grandpa,
  author         = {Rudin, W.},
  publisher      = {McGraw--Hill},
  title          = {Functional Analysis},
  year           = {1991}
}

Problem Solving
@book{polya,
  author         = {P\'{o}lya, G.},
  publisher      = {Princeton University Press},
  title          = {How to Solve It},
  year           = {1945}
}
@incollection{schoenfeld,
  author         = {Schoenfeld, A. H.},
  booktitle      = {Handbook for Research on Mathematics Teaching and Learning},
  publisher      = {Macmillan},
  title          = {Learning to think mathematically: Problem solving, metacognition, and sense-making in mathematics},
  year           = {1992},
  pages          = {334-370}
}